@book{leahy2001,
      title     = "Siapakah Manusia? Sistesis Filosofis tentang Manusia",
      author    = "Louis Leahy",
      year      = 2001,
      publisher = "Kanisius",
      address   = "Yogyakarta"
}

@book{tjaya2018,
      title     = "Emmanuel Levinas: Enigma Wajah Orang Lain",
      author    = "Thomas Hidya Tjaya",
      year      = 2018,
      publisher = "Kepustakaan Populer Gramedia",
      address   = "Jakarta"
}